@article {AZM2015,
author = {Zammit-Mangion, Andrew and Rougier, Jonathan and Sch{\"o}n, Nana and Lindgren, Finn and Bamber, Jonathan},
title = {{Multivariate spatio-temporal modelling for assessing Antarctica's present-day contribution to sea-level rise}},
journal = {Environmetrics},
volume = {26},
number = {3},
pages = {159--177},
year = {2015},
}

@article {SPDE,
author = {Lindgren, Finn and Rue, HÃ¥vard and Lindstr{\"o}m, Johan},
title = {{An explicit link between Gaussian fields and Gaussian Markov random fields: the stochastic partial differential equation approach}},
journal = {Journal of the Royal Statistical Society: Series B (Statistical Methodology)},
volume = {73},
number = {4},
pages = {423--498},
year = {2011},
}
