@article{Peltier,
author = {Peltier, W. R. and Argus, D. F. and Drummond, R.},
title = {{Space geodesy constrains ice age terminal deglaciation: The global ICE-6G\textunderscore C (VM5a) model}},
journal = {Journal of Geophysical Research: Solid Earth},
volume = {120},
number = {1},
pages = {450--487},
year = {2015},
}

@article {Lindgren2011,
author = {Lindgren, Finn and Rue, H\r{a}vard and Lindstr{\"o}m, Johan},
title = {{An explicit link between Gaussian fields and Gaussian Markov random fields: the stochastic partial differential equation approach}},
journal = {Journal of the Royal Statistical Society: Series B (Statistical Methodology)},
volume = {73},
number = {4},
pages = {423--498},
year = {2011},
}